<?xml version="1.0" encoding="UTF-8"?><record xmlns="http://www.loc.gov/MARC21/slim" xmlns:cinclude="http://apache.org/cocoon/include/1.0" xmlns:zs="http://www.loc.gov/zing/srw/">
  <leader>00335nz  a2200121n  4500</leader>
  <controlfield tag="001">n 2012004920</controlfield>
  <controlfield tag="003">DLC</controlfield>
  <controlfield tag="005">20120124074829.0</controlfield>
  <controlfield tag="008">120123n| acannaabn          |n ana      </controlfield>
  <datafield tag="010" ind1=" " ind2=" ">
    <subfield code="a">n 2012004920</subfield>
  </datafield>
  <datafield tag="040" ind1=" " ind2=" ">
    <subfield code="a">DLC</subfield>
    <subfield code="b">eng</subfield>
    <subfield code="c">DLC</subfield>
  </datafield>
  <datafield tag="110" ind1="2" ind2=" ">
    <subfield code="a">Tropicali휍혖simo Lobo (Musical group)</subfield>
  </datafield>
  <datafield tag="670" ind1=" " ind2=" ">
    <subfield code="a">Un lobo por tu amor, p2009:</subfield>
    <subfield code="b">label (Tropicali휍혖simo Lobo)</subfield>
  </datafield>
</record>